% This file was created with JabRef 2.10.
% Encoding: ISO8859_1


@InProceedings{AlcarazMaestre:2012vp,
  Title                    = {{The SM and NLO Multileg and SM MC Working Groups:
 Summary Report}},
  Author                   = {Alcaraz Maestre, J. and others},
  Booktitle                = {{Proceedings, 7th Les Houches Workshop on Physics at TeV
 Colliders}},
  Year                     = {2012},
  Pages                    = {1-220},

  Archiveprefix            = {arXiv},
  Collaboration            = {SM MC Working Group, SM and NLO MULTILEG Working Group},
  Eprint                   = {1203.6803},
  Primaryclass             = {hep-ph},
  Reportnumber             = {FERMILAB-PUB-12-885-CD},
  Slaccitation             = {%%CITATION = ARXIV:1203.6803;%%},
  Url                      = {http://inspirehep.net/record/1095506/files/arXiv:1203.6803.pdf}
}

@Article{Gleisberg:2008ta,
  Title                    = {{Event generation with \Sherpa 1.1}},
  Author                   = {Gleisberg, T. and H{\"o}che, S. and Krauss, F. and Sch\"{o}nherr, M. and Schumann, S. and Siegert, F an
d Winter, J.},
  Journal                  = {JHEP},
  Year                     = {2009},
  Pages                    = {007},
  Volume                   = {02},

  Archiveprefix            = {arXiv},
  Doi                      = {10.1088/1126-6708/2009/02/007},
  Eprint                   = {0811.4622},
  File                     = {:Gleisberg2008ta.pdf:PDF},
  Primaryclass             = {hep-ph},
  Slaccitation             = {%%CITATION = 0811.4622;%%},
  Url                      = {http://inspirebeta.net/record/803708}
}

@Article{Schonherr:2008av,
  Title                    = {Soft photon radiation in particle decays in \Sherpa{}},
  Author                   = {M. Sch\"{o}nherr and F. Krauss},
  Journal                  = {JHEP},
  Year                     = {2008},
  Pages                    = {018},
  Volume                   = {12},

  Archiveprefix            = {arXiv},
  Doi                      = {10.1088/1126-6708/2008/12/018},
  Eprint                   = {0810.5071},
  File                     = {:Schoenherr2008av.pdf:PDF},
  Primaryclass             = {hep-ph},
  Slaccitation             = {%%CITATION = 0810.5071;%%},
  Url                      = {http://inspirehep.net/search?p=arXiv:0810.5071}
}

@Article{Yennie:1961ad,
  Title                    = {{The Infrared Divergence Phenomena and High-Energy Processes}},
  Author                   = {Yennie, D. R. and Frautschi, Steven C. and Suura, H.},
  Journal                  = {Ann. Phys.},
  Year                     = {1961},
  Pages                    = {379-452},
  Volume                   = {13},

  File                     = {:Yennie1961ad.pdf:PDF},
  Url                      = {http://inspirehep.net/search?j=APNYA,13,379}
}

